@article{sato, 
	author = "Satoshi Nakamoto",
	title = "Bitcoin: A Peer-toPeer Electronic Cash System",
	year = "2008"
}

@online{yahoo,
	title="BTC-USD Interactive Stock Chart | Bitcoin USD Stock - Yahoo Finance",
	author = "Yahoo",
	year = "2019",
	url = "https://finance.yahoo.com/quote/BTC-USD/"
}

@article{duo,
	title="Designing Stable Coins",
	author="Yizhou Cao and Min Dai and Steven Kou and Lewei Li and Chen Yang",
	year="2018",
	url="https://duo.network/papers/duo_academic_white_paper.pdf"
}

@article{usdt,
	title="Tether: Fiat currency on the Bitcoin blockchain",
	author="{Tether Limited}",
	year = "2016",
	url = "https://tether.to/wp-content/uploads/2016/06/TetherWhitePaper.pdf"
}

@online{stbcoin,
	title="In Search of Stability: An Overview of the Budding Stablecoin Ecosystem",
	author="Colin Harper",
	year="2018",
	url="https://bitcoinmagazine.com/articles/search-stability-overview-budding-stablecoin-ecosystem/"
}

@online{jpmcoin,
    title="Digital Coin Payments",
    author="{JP Morgan}",
    year="2019",
	url="https://www.jpmorgan.com/global/news/digital-coin-payments"
}

@online{forbesSC,
	title="A State-Issued Coin Could Unleash Untapped Potential For Cryptocurrencies",
	author="Loi Luu",
	year="2017",
	url="https://www.forbes.com/sites/luuloi/2017/12/17/a-state-issued-coin-could-unleash-untapped-potential-for-cryptocurrencies/#4a2fd2b33c2f"
}

@online{sherman,
	title="Explaining Stable Coins, The Holy Grail Of Cryptocurrency",
	author="Sherman Lee",
	year="2018",
	url = {https://www.forbes.com/sites/shermanlee/2018/03/12/explaining-stable-coins-the-holy-grail-of-crytpocurrency/#5d8cad864fc6}
}

@online{commd,
	title="Is Bitcoin a Currency, a Security, or a Commodity?",
	author="Alina Vardanian",
	year="2018",
	url={https://medium.com/cindx/is-bitcoin-a-currency-a-security-or-a-commodity-its-all-of-these-74b0b962e6d1}

}

@online{stabfail,
	title="Stablecoins are doomed to fail, Part II: MakerDAO’s “DAI” stablecoin is breaking, as predicted",
	author="Preston Byrne",
	year="2018",
	url={https://prestonbyrne.com/2018/01/11/epicaricacy/}

}

@article{makdao,
	title="The Dai Stablecoin System",
	author="{Maker Team}",
	year="2017",
	url="https://makerdao.com/whitepaper/DaiDec17WP.pdf"
}

@online{indep,
	title="Cryptocurrencies are about to become worthless – and this is what will happen when they crash",
	year="2018",
	author="Hamish McRae",
	url="https://www.independent.co.uk/voices/bitcoin-cryptocurrency-price-crash-bank-of-england-agustin-carstens-a8645356.html"
}

@online{bubble,
	title="Cryptocurrency bubble - Wikipedia",
	author="{Wikipedia contributors}",
	url={https://en.wikipedia.org/wiki/Cryptocurrency_bubble}
}

@online{forbes,
	title="Cryptocurrencies Are Commodities, Says Federal Judge",
	author = "Adam Bergman",
	year = "2018",
	url = "https://www.forbes.com/sites/greatspeculations/2018/03/09/cryptocurrencies-are-commodities-says-federal-judge/#1d88489c5c09"
}

@online{cnbc,
	title="Gaming platform Steam ditches bitcoin support, citing 'high fees and volatility'",
	author="Ryan Browne",
	year="2017",
	url="https://www.cnbc.com/2017/12/07/valve-steam-drops-bitcoin-support-cites-high-fees-volatility.html"
}

@online{sbwk,
	title="Stablecoin - Wikipedia",
	author="{Wikipedia contributors}",
	url = "https://en.wikipedia.org/wiki/Stablecoin"
}

@article{bsc,
	url="https://www.basis.io/basis_whitepaper_en.pdf",
	title="Basis: A Price-Stable Cryptocurrency with an Algorithmic Central Bank",
	author="Nader Al-Naji and Josh Chen and Lawrence Diao",
	year="2017"
}

@online{indo,
	url="https://bitcoinexchangeguide.com/bitcoin-officially-classified-as-a-commodity-within-indonesias-borders/",
	title="Bitcoin Officially Classified As A Commodity Within Indonesia’s Borders",
	author="Krystle M",
	year="2019"
}

@article{duoeco,
	url="https://duo.network/papers/duo_economic_white_paper.pdf",
	title="DUO Network Ecosystem Whitepaper",
	author="{FinBook}",
	year="2018"
}

@article{duotec,
	url="https://duo.network/papers/duo_technical_white_paper.pdf",
	title="DUO Technical Whitepaper",
	author="FinBook",
	year="2018"
}

@article{tetheraudit,
	url="https://www.coindesk.com/tether-review-claims-crypto-asset-fully-backed-theres-catch",
	title="Tether Review Claims Crypto Asset Fully Backed – But There’s a Catch",
	author="Marc Hochstein",
	year="2018"
}

@artile{sentiment,
	url="https://pdfs.semanticscholar.org/396c/4789ecd756b9502cf0dfa4b05c6a6424c137.pdf",
	title="Defining, Modeling, and Measuring Investor Sentiment",
	author="Cathy Zhang",
	year = "2008"
}

@online{singlefail,
	url="https://news.bitcoin.com/new-reports-shine-a-spotlight-on-tethers-legal-status/",
	title="New Reports Shine a Spotlight on Tether’s Legal Status",
	year = "2018",
	author="Kai Sedgwick"
}